@software{cetoolbox,
  author       = {Y. François and J. Pansanel},
  title        = {{CEToolbox} v1.4.5},
  month        = mar,
  year         = 2021,
  publisher    = {Zenodo},
  version      = {1.4.5},
  url          = {https://doi.org/10.5281/zenodo.4643845}
}
@Book{capillaryelectrophoresis,
  title     = {Capillary Electromigration separation methods},
  publisher = {Elsevier},
  year      = {2018},
  author    = {C. F. Poole},
}
@Article{poiseuille,
  author  = {J. Pfitzner},
  title   = {Poiseuille and his law},
  journal = {Anaesthesia},
  year    = {1976},
  volume  = {31},
  pages   = {273-275},
}
@Article{conductivity,
  author  = {Y. François and K. Zhang and A. Varenne and P. Gareil},
  title   = {New integrated measurement protocol using capillary electrophoresis instrumentation for the determination of viscosity, conductivity and absorbance of ionic liquid–molecular solvent mixtures},
  journal = {Analytica Chimica Acta},
  year    = {2006},
  volume  = {562},
  number  = {2},
  pages   = {164-170},
  url     = {https://doi.org/10.1016/j.aca.2006.01.036},
}
